@Book{pedroso2012gurobi-book,
  author =       {Mikio Kubo and Jo{\~a}o P. Pedroso and Masakazu
                  Muramatsu and Abdur Rais},
  title =        {Mathematical Optimization: Solving Problems using
                  Gurobi and Python},
  address =      {Tokyo, Japan},
  publisher =    {Kindaikagakusha},
  year =         2012,
  noteXXX =         {\url{http://www.amazon.co.jp/gp/reader/4764904330}},
}

@article{Lin1973,
  title={An effective heuristic algorithm for the traveling-salesman problem},
  author={Lin, Shen and Kernighan, Brian W},
  journal={Operations research},
  volume={21},
  number={2},
  pages={498--516},
  year={1973},
  publisher={INFORMS}
}

@article{Krige1951,
  title={A statistical approach to some basic mine valuation problems on the Witwatersrand},
  author={Krige, Daniel G},
  journal={Journal of the Southern African Institute of Mining and Metallurgy},
  volume={52},
  number={6},
  pages={119--139},
  year={1951},
  publisher={Southern African Institute of Mining and Metallurgy}
}

@article{Chekuri2012,
  title =        {Improved algorithms for orienteering and related
                  problems},
  author =       {Chekuri, Chandra and Korula, Nitish and P{\'a}l,
                  Martin},
  journal =      {ACM Transactions on Algorithms (TALG)},
  volume =       {8},
  number =       {3},
  pages =        {23},
  year =         {2012},
  publisher =    {ACM}
}

@article{Anagnostopoulos2017,
  title =        {Tour recommendation for groups},
  author =       {Anagnostopoulos, Aris and Atassi, Reem and
                  Becchetti, Luca and Fazzone, Adriano and Silvestri,
                  Fabrizio},
  journal =      {Data Mining and Knowledge Discovery},
  volume =       {31},
  number =       {5},
  pages =        {1157--1188},
  year =         {2017},
  publisher =    {Springer}
}

@book{Rasmussen2005,
  author =       {Rasmussen, Carl Edward and Williams, Christopher
                  K. I.},
  title =        {Gaussian Processes for Machine Learning (Adaptive
                  Computation and Machine Learning)},
  year =         2005,
  XXisbn =       {026218253X},
  publisher =    {The MIT Press},
}

@ARTICLE{Yu2016,
  author =       {J. Yu and M. Schwager and D. Rus},
  journal =      {IEEE Transactions on Robotics},
  title =        {Correlated Orienteering Problem and its Application
                  to Persistent Monitoring Tasks},
  year =         2016,
  volume =       32,
  number =       5,
  pages =        {1106-1118},
  keywords =     {integer programming;mobile robots;quadratic
                  programming;QCOP;autonomous mobile robots;correlated
                  orienteering problem;mixed integer quadratic
                  programming;quadratic COP instantiation;quadratic
                  utility function;spatiotemporal
                  field;Correlation;Mobile
                  robots;Monitoring;Planning;Robot kinematics;Unmanned
                  aerial vehicles;Orienteering problem;persistent
                  monitoring;situation awareness;spatial correlation},
  XXdoi =        {10.1109/TRO.2016.2593450},
  XXISSN =       {1552-3098},
  month =        {Oct},
}

@article{chao1996fast,
  title =        {A fast and effective heuristic for the orienteering
                  problem},
  author =       {Chao, I-Ming and Golden, Bruce L and Wasil, Edward
                  A},
  journal =      {European Journal of Operational Research},
  volume =       88,
  number =       3,
  pages =        {475--489},
  year =         1996,
  publisher =    {Elsevier}
}

@article{ebden2008gaussian,
  title =        {Gaussian processes for regression: A quick
                  introduction},
  author =       {Ebden, Mark},
  journal =      {The Website of Robotics Research Group in Department
                  on Engineering Science, University of Oxford},
  year =         2008,
  url =          {https://arxiv.org/pdf/1505.02965.pdf}
}

@article{golden1981gtsp,
  title =        "Two generalizations of the traveling salesman
                  problem",
  author =       "Bruce Golden and Larry Levy and Roy Dahl",
  journal =      "Omega",
  volume =       9,
  number =       4,
  pages =        "439 - 441",
  year =         1981,
  XXissn =       "0305-0483",
  XXdoi =        "http://dx.doi.org/10.1016/0305-0483(81)90087-6",
  XXurl =
                  "http://www.sciencedirect.com/science/article/pii/0305048381900876",
}

@article{golden1987orienteering,
  title =        {The orienteering problem},
  author =       {Golden, Bruce L and Levy, Larry and Vohra, Rakesh},
  journal =      {Naval research logistics},
  volume =       34,
  number =       3,
  pages =        {307--318},
  year =         1987,
  publisher =    {John Wiley \& Sons, Inc.}
}

@article{huan2013simulation,
  title =        {Simulation-based optimal Bayesian experimental
                  design for nonlinear systems},
  author =       {Huan, Xun and Marzouk, Youssef M},
  journal =      {Journal of Computational Physics},
  volume =       232,
  number =       1,
  pages =        {288--317},
  year =         2013,
  publisher =    {Elsevier}
}

@TechReport{kallenbach2016,
  author =       {Jonah Kallenbach and Robert Kleinberg and Scott Duke
                  Kominers},
  title =        {Orienteering for Electioneering},
  institution =  {Harvard Business School?},
  year =         2016
}

@article{laporte1992traveling,
  title =        {The traveling salesman problem: An overview of exact
                  and approximate algorithms},
  author =       {Laporte, Gilbert},
  journal =      {European Journal of Operational Research},
  volume =       59,
  number =       2,
  pages =        {231--247},
  year =         1992,
  publisher =    {Elsevier}
}

@article{overstall2015approximate,
  title =        {The approximate coordinate exchange algorithm for
                  Bayesian optimal design of experiments},
  author =       {Overstall, Antony and Woods, David},
  year =         2015,
  publisher =    {University of Glasgow}
}

@article{vansteenwegen2009guided,
  title =        {A guided local search metaheuristic for the team
                  orienteering problem},
  author =       {Vansteenwegen, Pieter and Souffriau, Wouter and
                  Berghe, Greet Vanden and Van Oudheusden, Dirk},
  journal =      {European journal of operational research},
  volume =       196,
  number =       1,
  pages =        {118--127},
  year =         2009,
  publisher =    {Elsevier}
}

@article{vansteenwegen2011orienteering,
  title =        {The orienteering problem: A survey},
  author =       {Vansteenwegen, Pieter and Souffriau, Wouter and Van
                  Oudheusden, Dirk},
  journal =      {European Journal of Operational Research},
  volume =       209,
  number =       1,
  pages =        {1--10},
  year =         2011,
  publisher =    {Elsevier}
}
